@misc{wiki:github,
author = "Wikipedia",
title = "GitHub --- {W}ikipedia{,} The Free Encyclopedia",
year = "2015",
url = "\url{http://en.wikipedia.org/wiki/GitHub}",
note = "[Online; accessed 03-June-2015]"
}

@misc{wiki:trello,
author = "Wikipedia",
title = "Trello --- {W}ikipedia{,} The Free Encyclopedia",
year = "2015",
url = "\url{http://en.wikipedia.org/wiki/Trello}",
note = "[Online; accessed 03-June-2015]"
}

@misc{wiki:celery,
author = "Wikipedia",
title = "Celery Task Queue --- {W}ikipedia{,} The Free Encyclopedia",
year = "2015",
url = "\url{http://en.wikipedia.org/wiki/Celery_Task_Queue}",
note = "[Online; accessed 03-June-2015]"
}

@misc{wiki:rabbitmq,
author = "Wikipedia",
title = "RabbitMQ --- {W}ikipedia{,} The Free Encyclopedia",
year = "2015",
url = "\url{http://en.wikipedia.org/wiki/RabbitMQ}",
note = "[Online; accessed 03-June-2015]"
}

@misc{wiki:sqlalchemy,
author = "SQLAlchemy",
title = "The Python SQL Toolkit and Object Relational Mapper",
year = "2015", 
url = "\url{http://www.sqlalchemy.org}",
note = "[Online; accessed 03-June-2015]"
}